% A part of a book, which may be a chapter (or section or whatever) and/or a
% range of pages. Required fields: author or editor, title, chapter and/or
% pages, publisher, year. Optional fields: volume or number, series, type,
% address, edition, month, note.


@unpublished{Bayesball,
  author={Brantley, Justin A. and K\"{o}rding, Konrad P.},
  author+an = {1=highlight},
  journal={Targeting: Nature Biomedical Engineering}, 
  title={Bayesball: Bayesian Integration in Professional Baseball Batters}, 
  year={},
  volume={},
  number={},
  pages={},
  doi={},
  note={2022. \textit{Ready to submit}. \vspace{5pt} \par \hspace{15pt} \faYoutubePlay ~~\href{https://youtu.be/i4jBHfjPDnI}{Neuromatch Conference 4.0 Presentation}}
  }
  
@unpublished{LW2SA,
  author={Brantley, Justin A. and Luu, Trieu Phat and Nakagome, Sho and Contreras-Vidal, Jose L.},
  author+an = {1=highlight},
  journal={Journal of Neural Engineering}, 
  title={EEG Correlates of Walking During Level Ground to Stair Transitions}, 
  year={},
  volume={},
  number={},
  pages={},
  doi={},
  note={2021. \textit{ In review}}}
  
@unpublished{DecodingTFamputees,
  author={Brantley, Justin A. and Contreras-Vidal, Jose L.},
  author+an = {1=highlight},
  journal={}, 
  title={Decoding of Phantom Limb Movements from EEG in Lower Limb Amputees}, 
  year={},
  volume={},
  number={},
  pages={},
  doi={},
  note={\textit{In preparation}}}
  
  
@article{StandardsPaper,
  author={Paek, Andrew Y. and Brantley, Justin A. and Sujatha Ravindran, Akshay and Nathan, Kevin and He, Yongtian and Eguren, David and Cruz-Garza, Jesus G. and Nakagome, Sho and Wickramasuriya, Dilranjan S. and Chang, Jiajun and Rashed-Al-Mahfuz, Md and Amin, Md. Rafiul and Bhagat, Nikunj A. and Contreras-Vidal, Jose L.},
  author+an = {2=highlight},
  journal={IEEE Open Journal of Engineering in Medicine and Biology}, 
  title={A Roadmap Towards Standards for Neurally Controlled End Effectors}, 
  year={2021},
  volume={2},
  number={},
  pages={84-90},
  doi={10.1109/OJEMB.2021.3059161}}

@article{RegulatoryConcerns,
  author={**Paek, Andrew Y. and **Brantley, Justin A. and Evans, Barbara J. and Contreras-Vidal, Jose L.},
  author+an = {2=highlight},
  journal={IEEE Systems Journal}, 
  title={Concerns in the Blurred Divisions Between Medical and Consumer Neurotechnology}, 
  year={2021},
  volume={15},
  number={2},
  pages={3069-3080},
  doi={10.1109/JSYST.2020.3032609}}
  

@inbook{NeuroengineeringHandbook,
        author={**Brantley, Justin A and **Paek, Andrew and Steele, Alexander and Contreras-Vidal, Jose Luis},
        author+an = {1=highlight},
        editor={Nitish V. Thakor},
        title={Springer Handbook of Neuroengineering},
        chapter={BMI for Upper and Lower Limb Prostheses},
        publisher={Springer Nature},
        year={},
        addendum={\textit{In press}}
}

@article{Luu2017plos,
    author = {**Luu, Trieu Phat AND **Brantley, Justin A. AND Nakagome, Sho AND Zhu, Fangshi AND Contreras-Vidal, Jose L.},
    author+an = {2=highlight},
    journal = {PLOS ONE},
    publisher = {Public Library of Science},
    title = {Electrocortical correlates of human level-ground, slope, and stair walking},
    year = {2017},
    month = {11},
    volume = {12},
    %url = {https://doi.org/10.1371/journal.pone.0188500},
    pages = {1-15},
    number = {11},
    %doi = {10.1371/journal.pone.0188500}
    addendum={PubMed PMID: 29190704; PubMed Central PMCID: PMC5708801}} %\href{https://doi.org/10.1371/journal.pone.0188500}{\hspace{5pt}\faExternalLinkSquare}},
    
}

@article{kontson2015your,
  title={‘Your Brain on Art’: Emergent cortical dynamics during aesthetic experiences},
  author={Kontson, Kimberly and Megjhani, Murad and Brantley, Justin A and Cruz-Garza, Jesus Gabriel and Nakagome, Sho and Robleto, Dario and White, Michelle and Civillico, Eugene and Contreras-Vidal, Jose Luis},
  author+an = {3=highlight},
  journal={Frontiers in Human Neuroscience},
  volume={9},
  pages={626},
  year={2015},
  publisher={Frontiers},
  addendum={ PubMed PMID: 26635579; PubMed Central PMCID: PMC4649259}
}

@article{contreras2016powered,
  title={Powered exoskeletons for bipedal locomotion after spinal cord injury},
  author={Contreras-Vidal, Jose L and Bhagat, Nikunj A and Brantley, Justin and Cruz-Garza, Jesus G and He, Yongtian and Manley, Quinn and Nakagome, Sho and Nathan, Kevin and Tan, Su H and Zhu, Fangshi and others},
  author+an = {3=highlight},
  journal={Journal of Neural Engineering},
  volume={13},
  number={3},
  pages={031001},
  year={2016},
  publisher={IOP Publishing},
  addendum={PubMed PMID: 27064508}
}

@article{evans2015structures,
  title={Structures at risk during volar percutaneous fixation of scaphoid fractures: a cadaver study},
  author={Evans, Scott and Brantley, Justin and Brady, Christina and Salas, Christina and Mercer, Deana},
  author+an = {2=highlight},
  journal={The Iowa Orthopaedic Journal},
  volume={35},
  pages={119},
  year={2015},
  publisher={University of Iowa},
  addendum={PubMed PMID: 26361453; PubMed Central PMCID: PMC4492137}
}

@inproceedings{luu2017electrocortical,
  title={Electrocortical amplitude modulations of human level-ground, slope, and stair walking},
  author={Luu, Trieu Phat and Brantley, Justin A and Zhu, Fangshi and Contreras-Vidal, Jose L},
  booktitle={2017 39th Annual International Conference of the IEEE Engineering in Medicine and Biology Society (EMBC)},
  author+an = {2=highlight},
  pages={1913--1916},
  year={2017},
  organization={IEEE},
  note={PubMed PMID: 29190704; PubMed Central PMCID: PMC5708801}
}

@inproceedings{luu2017cortical,
  title={Cortical features of locomotion-mode transitions via non-invasive EEG},
  author={Luu, Trieu Phat and Brantley, Justin A and Zhu, Fangshi and Contreras-Vidal, Jose L},
  author+an = {2=highlight},
  booktitle={2017 IEEE International Conference on Systems, Man, and Cybernetics (SMC)},
  pages={2437--2441},
  year={2017},
  organization={IEEE}
}

@inproceedings{brantley2016noninvasive,
  title={Noninvasive EEG correlates of overground and stair walking},
  author={Brantley, Justin A and Luu, Trieu Phat and Ozdemir, Recep and Zhu, Fangshi and Winslow, Anna T and Huang, Helen and Contreras-Vidal, Jose L},
  author+an = {1=highlight},
  booktitle={2016 38th Annual International Conference of the IEEE Engineering in Medicine and Biology Society (EMBC)},
  %pages={5729--5732},
  year={2016},
  organization={IEEE},
  note={PubMed PMID: 28325029}
}

% @article{salas2014patterns,
%   title={Patterns of failure in the distal radius following treatment for extra-articular fractures (AO 23-A3. 2) using two-column volar plates},
%   author={Salas, Christina and Brantley, Justin and Clark, James and Baldwin, Evan and Taha, Mahmoud Reda and Mercer, Deana},
%   author+an = {2=highlight},
%   year={2014}
% }

@article{salas2018damage,
  title={Damage in a Distal Radius Fracture Model Treated With Locked Volar Plating After Simulated Postoperative Loading},
  author={Salas, Christina and Brantley, Justin A and Clark, James and Taha, Mahmoud Reda and Myers, Orrin B and Mercer, Deana},
  author+an = {2=highlight},
  journal={The Journal of Hand Surgery},
  volume={43},
  number={7},
  year={2018},
  publisher={WB Saunders},
  note={PubMed PMID: 29426604; PubMed Central PMCID: PMC6035079}
}

@thesis{brantley2019PhdThesis,
  title={A Noninvasive Neural Interface for Control of a Powered Lower Limb Prosthesis},
  author={Brantley, Justin},
  author+an = {1=highlight},
  year={2019},
  school={University of Houston}
}

@thesis{brantley2015biomechanical,
  title={A Biomechanical Analysis of One-Third Tubular Plates for the Treatment of Benign Lesions in the Distal Femur},
  author={Brantley, Justin},
  author+an = {1=highlight},
  year={2015},
  school={University of New Mexico}
}

@inproceedings{brantley2017prediction,
  title={Prediction of lower-limb joint kinematics from surface EMG during overground locomotion},
  author={Brantley, Justin A and Luu, Trieu Phat and Nakagome, Sho and Contreras-Vidal, Jose L},
  author+an = {1=highlight},
  booktitle={2017 IEEE International Conference on Systems, Man, and Cybernetics (SMC)},
  %pages={1705--1709},
  year={2017},
  organization={IEEE}
}

% @article{mercer2016morphometric,
%   title={Morphometric, mechanical, and histological characterization of the ligaments of the thumb carpometacarpal joint: correlation to thumb stability},
%   author={Mercer, Deana and Salas, Christina and Brantley, Justin and Carlston, Cory and Bocklage, Therese and Taha, Mahmoud Reda and Orbay, Jorge},
%   author+an = {3=highlight},
%   year={2016}
% }

@inproceedings{winslow2016corticomuscular,
  title={Corticomuscular coherence variation throughout the gait cycle during overground walking and ramp ascent: a preliminary investigation},
  author={Winslow, Anna T and Brantley, Justin and Zhu, Fangshi and Vidal, Jose L Contreras and Huang, He},
  booktitle={2016 38th Annual International Conference of the IEEE Engineering in Medicine and Biology Society (EMBC)},
  author+an = {2=highlight},
  pages={4634--4637},
  year={2016},
  organization={IEEE},
  note={PubMed PMID: 28269308}
}

@article{cruz2017deployment,
  title={Deployment of Mobile EEG Technology in an Art Museum Setting: Evaluation of Signal Quality and Usability},
  author={**Cruz-Garza, Jesus Gabriel and **Brantley, Justin A and **Nakagome, Sho and Kontson, Kimberly and Megjhani, Murad and Robleto, Dario and Contreras-Vidal, Jose Luis},
  journal={Frontiers in Human Neuroscience},
  author+an = {2=highlight},
  volume={11},
  pages={527},
  year={2017},
  publisher={Frontiers},
  note={PubMed PMID: 29176943; PubMed Central PMCID: PMC5686057}
}

@inproceedings{nakagome2017prediction,
  title={Prediction of EMG envelopes of multiple terrains over-ground walking from EEG signals using an unscented Kalman filter},
  author={Nakagome, Sho and Luu, Trieu Phat and Brantley, Justin A and Contreras-Vidal, Jose L},
  author+an = {3=highlight},
  booktitle={2017 IEEE International Conference on Systems, Man, and Cybernetics (SMC)},
  pages={3175--3178},
  year={2017},
  organization={IEEE}
}

@article{brantley2016biomechanical,
  title={A Biomechanical Comparison Of Pin Configurations Used For Percutaneous Pinning Of Distal Tibia Fractures In Children},
  author={Brantley, Justin and Majumdar, Aditi and Jobe, J Taylor and Kallur, Antony and Salas, Christina},
  author+an = {1=highlight},
  journal={The Iowa Orthopaedic Journal},
  volume={36},
  pages={133},
  year={2016},
  publisher={University of Iowa},
  note={PubMed PMID: 27528850; PubMed Central PMCID: PMC4910788}
}

@inproceedings{brantley2017towards,
  title={Towards the development of a hybrid neural-machine interface for volitional control of a powered lower limb prosthesis},
  author={Brantley, Justin A and Luu, Trieu Phat and Nakagome, Sho and Contreras-Vidal, Jose L},
  author+an = {1=highlight},
  booktitle={2017 International Symposium on Wearable Robotics and Rehabilitation (WeRob)},
  pages={1--1},
  year={2017},
  organization={IEEE}
}

@article{brantley2018full,
  title={Full body mobile brain-body imaging data during unconstrained locomotion on stairs, ramps, and level ground},
  author={Brantley, Justin A and Luu, Trieu Phat and Nakagome, Sho and Zhu, Fangshi and Contreras-Vidal, Jose L},
  author+an = {1=highlight},
  journal={Scientific data},
  volume={5},
  year={2018},
  publisher={Nature Publishing Group},
  note={PubMed PMID: 29989591; PubMed Central PMCID: PMC6038848.}
}

@article{kontson2015your,
  title={Your brain on art},
  author={Kontson, Kimberly L and Megjhani, Murad and Brantley, Justin A and Cruz-Garza, Jesus G and Nakagome, Sho and Robleto, Dario and White, Michelle and Civillico, Eugene and Contreras-Vidal, Jose L},
  author+an = {3=highlight},
  journal={Frontiers in Human Neuroscience},
  volume={9},
  number={NOVEMBER},
  year={2015},
  note={PubMed PMID: 26635579; PubMed Central PMCID: PMC4649259}
  
}

@misc{brantley_luu_zhu_nakagome_contreras-vidal_2018, 
    title={Full body mobile brain-body imaging data (EEG, EMG, and kinematics) during unconstrained locomotion on stairs, ramps, and level ground}, url={https://figshare.com/articles/EEG_Data/5616109/5}, DOI={10.6084/m9.figshare.5616109.v5}, 
    publisher={figshare}, 
    author={Brantley, Justin and Luu, Trieu Phat and Zhu, Fangshi and Nakagome, Sho and Contreras-Vidal, Jose L.}, 
    author+an = {1=highlight},
    year={2018}, 
    month={May}
}

@misc{MenilDataport,
title={Mobile EEG Recordings in an Art Museum Setting},
doi = {10.21227/H2TM00},
url = {http://dx.doi.org/10.21227/H2TM00},
author = {Cruz-Garza, Jesus Gabriel and **Brantley, Justin A and Nakagome, Sho and Kontson, Kimberly and Robleto, Dario and Contreras-Vidal, Jose Luis},
author+an = {3=highlight},
publisher = {IEEE Dataport},
year = {2017},
month={Nov}
}