
@article{Bayesball,
  author={Brantley, Justin A. and K\"{o}rding, Konrad P.},
  author+an = {1=highlight},
  journal={Targeting: Nature Biomedical Engineering}, 
  title={Bayesball: Bayesian Integration in Professional Baseball Batters}, 
  year={},
  volume={},
  number={},
  pages={},
  doi={},
  note={2022. \textit{Ready to submit}. \vspace{3pt} \par \hspace{15pt} \faYoutubePlay ~~\href{https://youtu.be/i4jBHfjPDnI}{Neuromatch Conference 4.0 Presentation}}
  }
  
  
@article{StandardsPaper,
  author={Paek, Andrew Y. and Brantley, Justin A. and Sujatha Ravindran, Akshay and Nathan, Kevin and He, Yongtian and Eguren, David and Cruz-Garza, Jesus G. and Nakagome, Sho and Wickramasuriya, Dilranjan S. and Chang, Jiajun and Rashed-Al-Mahfuz, Md and Amin, Md. Rafiul and Bhagat, Nikunj A. and Contreras-Vidal, Jose L.},
  author+an = {2=highlight},
  journal={IEEE Open Journal of Engineering in Medicine and Biology}, 
  title={A Roadmap Towards Standards for Neurally Controlled End Effectors}, 
  year={2021},
  volume={2},
  number={},
  pages={84-90},
  doi={10.1109/OJEMB.2021.3059161}}

@article{RegulatoryConcerns,
  author={**Paek, Andrew Y. and **Brantley, Justin A. and Evans, Barbara J. and Contreras-Vidal, Jose L.},
  author+an = {2=highlight},
  journal={IEEE Systems Journal}, 
  title={Concerns in the Blurred Divisions Between Medical and Consumer Neurotechnology}, 
  year={2021},
  volume={15},
  number={2},
  pages={3069-3080},
  doi={10.1109/JSYST.2020.3032609}}
  

@inbook{NeuroengineeringHandbook,
        author={**Brantley, Justin A and **Paek, Andrew and Steele, Alexander and Contreras-Vidal, Jose Luis},
        author+an = {1=highlight},
        editor={Nitish V. Thakor},
        title={Springer Handbook of Neuroengineering},
        chapter={BMI for Upper and Lower Limb Prostheses},
        publisher={Springer Nature},
        year={},
        addendum={\textit{In press}}
}

@article{Luu2017plos,
    author = {**Luu, Trieu Phat AND **Brantley, Justin A. AND Nakagome, Sho AND Zhu, Fangshi AND Contreras-Vidal, Jose L.},
    author+an = {2=highlight},
    journal = {PLOS ONE},
    publisher = {Public Library of Science},
    title = {Electrocortical correlates of human level-ground, slope, and stair walking},
    year = {2017},
    month = {11},
    volume = {12},
    %url = {https://doi.org/10.1371/journal.pone.0188500},
    pages = {1-15},
    number = {11},
    %doi = {10.1371/journal.pone.0188500}
    addendum={PubMed PMID: 29190704; PubMed Central PMCID: PMC5708801}} %\href{https://doi.org/10.1371/journal.pone.0188500}{\hspace{5pt}\faExternalLinkSquare}},
    
}

@article{contreras2016powered,
  title={Powered exoskeletons for bipedal locomotion after spinal cord injury},
  author={Contreras-Vidal, Jose L and Bhagat, Nikunj A and Brantley, Justin and Cruz-Garza, Jesus G and He, Yongtian and Manley, Quinn and Nakagome, Sho and Nathan, Kevin and Tan, Su H and Zhu, Fangshi and others},
  author+an = {3=highlight},
  journal={Journal of Neural Engineering},
  volume={13},
  number={3},
  pages={031001},
  year={2016},
  publisher={IOP Publishing},
  addendum={PubMed PMID: 27064508}
}

@article{brantley2018full,
  title={Full body mobile brain-body imaging data during unconstrained locomotion on stairs, ramps, and level ground},
  author={Brantley, Justin A and Luu, Trieu Phat and Nakagome, Sho and Zhu, Fangshi and Contreras-Vidal, Jose L},
  author+an = {1=highlight},
  journal={Scientific data},
  volume={5},
  year={2018},
  publisher={Nature Publishing Group},
  note={PubMed PMID: 29989591; PubMed Central PMCID: PMC6038848. \vspace{3pt} \par \hspace{15pt}  \href{https://figshare.com/articles/EEG_Data/5616109/5}{\linkicon ~~Data available here.}}
}
